@article{rudin1987real,
  title={Real and complex analysis. 1987},
  author={Rudin, Walter},
  journal={Cited on},
  volume={156},
  year={1987}
}
